<record><leader>00000cas a22000007a 4500</leader><controlfield tag="001">43693624</controlfield><controlfield tag="008">000323d1986199uncudr ne      0    0eng d</controlfield><datafield ind1=" " ind2=" " tag="010"><subfield code="a">sn 95072342 </subfield></datafield><datafield ind1=" " ind2=" " tag="040"><subfield code="a">NVJ</subfield><subfield code="b">eng</subfield><subfield code="c">NVJ</subfield><subfield code="d">OCLCF</subfield><subfield code="d">OCLCO</subfield></datafield><datafield ind1="1" ind2=" " tag="029"><subfield code="a">AU@</subfield><subfield code="b">000021490188</subfield></datafield><datafield ind1=" " ind2=" " tag="042"><subfield code="a">msc</subfield></datafield><datafield ind1="0" ind2="0" tag="245"><subfield code="a">Moore County citizen news-record.</subfield></datafield><datafield ind1="3" ind2="0" tag="246"><subfield code="a">Moore County citizen news record</subfield></datafield><datafield ind1="3" ind2="0" tag="246"><subfield code="a">Citizen news-record</subfield></datafield><datafield ind1="3" ind2="0" tag="246"><subfield code="a">Citizen news record</subfield></datafield><datafield ind1=" " ind2=" " tag="260"><subfield code="a">Aberdeen, N.C. :</subfield><subfield code="b">Roy H. Park,</subfield></datafield><datafield ind1=" " ind2=" " tag="300"><subfield code="a">v.</subfield></datafield><datafield ind1=" " ind2=" " tag="310"><subfield code="a">Daily</subfield></datafield><datafield ind1="0" ind2=" " tag="362"><subfield code="a">Vol. 85, no. 46 (Nov. 3, 1986)-</subfield></datafield><datafield ind1=" " ind2=" " tag="500"><subfield code="a">Issues for Feb. 2, 1995-   called: New Moore County citizen news-record.</subfield></datafield><datafield ind1=" " ind2="0" tag="651"><subfield code="a">Aberdeen (N.C.)</subfield><subfield code="v">Newspapers.</subfield></datafield><datafield ind1=" " ind2="0" tag="651"><subfield code="a">Moore County (N.C.)</subfield><subfield code="v">Newspapers.</subfield></datafield><datafield ind1=" " ind2="7" tag="655"><subfield code="a">Newspapers.</subfield><subfield code="2">fast</subfield><subfield code="0">(OCoLC)fst01423814</subfield></datafield><datafield ind1=" " ind2="7" tag="651"><subfield code="a">North Carolina</subfield><subfield code="z">Aberdeen.</subfield><subfield code="2">fast</subfield><subfield code="0">(OCoLC)fst01220249</subfield></datafield><datafield ind1=" " ind2="7" tag="651"><subfield code="a">North Carolina</subfield><subfield code="z">Moore County.</subfield><subfield code="2">fast</subfield><subfield code="0">(OCoLC)fst01221180</subfield></datafield><datafield ind1=" " ind2=" " tag="752"><subfield code="a">United States</subfield><subfield code="b">North Carolina</subfield><subfield code="c">Moore</subfield><subfield code="d">Aberdeen.</subfield></datafield><datafield ind1="0" ind2="0" tag="780"><subfield code="t">Citizen news-record (Robbins edition)</subfield><subfield code="w">(DLC)sn 85005360</subfield></datafield></record>